<record><leader>00000cas a2200000 i 4500</leader><controlfield tag="001">50474185</controlfield><controlfield tag="008">020823d19311935wauwr n       0    0eng c</controlfield><datafield ind1=" " ind2=" " tag="010"><subfield code="a">  2015252461</subfield></datafield><datafield ind1=" " ind2=" " tag="040"><subfield code="a">WRJ</subfield><subfield code="b">eng</subfield><subfield code="e">rda</subfield><subfield code="c">WRJ</subfield><subfield code="d">OCLCQ</subfield><subfield code="d">OCLCF</subfield><subfield code="d">OCLCO</subfield><subfield code="d">WAU</subfield><subfield code="d">OCL</subfield><subfield code="d">OCLCA</subfield></datafield><datafield ind1=" " ind2=" " tag="042"><subfield code="a">pcc</subfield></datafield><datafield ind1=" " ind2=" " tag="043"><subfield code="a">n-us-wa</subfield></datafield><datafield ind1=" " ind2="4" tag="050"><subfield code="a">LH1.W37</subfield><subfield code="b">U56</subfield></datafield><datafield ind1="0" ind2="0" tag="245"><subfield code="a">University of Washington journal.</subfield></datafield><datafield ind1=" " ind2="1" tag="264"><subfield code="a">Seattle, Washington :</subfield><subfield code="b">Associated Students of the University of Washington,</subfield><subfield code="c">1931-1935.</subfield></datafield><datafield ind1=" " ind2=" " tag="300"><subfield code="a">5 volumes :</subfield><subfield code="b">illustrations ;</subfield><subfield code="c">56-57 cm</subfield></datafield><datafield ind1=" " ind2=" " tag="310"><subfield code="a">Weekly during summer quarter</subfield></datafield><datafield ind1=" " ind2=" " tag="336"><subfield code="a">text</subfield><subfield code="b">txt</subfield><subfield code="2">rdacontent</subfield></datafield><datafield ind1=" " ind2=" " tag="336"><subfield code="a">still image</subfield><subfield code="b">sti</subfield><subfield code="2">rdacontent</subfield></datafield><datafield ind1=" " ind2=" " tag="337"><subfield code="a">unmediated</subfield><subfield code="b">n</subfield><subfield code="2">rdamedia</subfield></datafield><datafield ind1=" " ind2=" " tag="338"><subfield code="a">volume</subfield><subfield code="b">nc</subfield><subfield code="2">rdacarrier</subfield></datafield><datafield ind1="1" ind2=" " tag="362"><subfield code="a">Began with: Vol. 17, no. 1 (June 18, 1931); ceased with: v. 21, no. 3 (July 3, 1935).</subfield></datafield><datafield ind1=" " ind2=" " tag="530"><subfield code="a">Also available on microfilm.</subfield></datafield><datafield ind1=" " ind2=" " tag="588"><subfield code="a">Description based on: Vol. 17, no. 1 (June 18, 1931); title from caption.</subfield></datafield><datafield ind1=" " ind2=" " tag="588"><subfield code="a">Latest issue consulted: v. 21, no. 3 (July 3, 1935).</subfield></datafield><datafield ind1="2" ind2="0" tag="610"><subfield code="a">University of Washington</subfield><subfield code="v">Newspapers.</subfield></datafield><datafield ind1="2" ind2="0" tag="610"><subfield code="a">University of Washington.</subfield><subfield code="b">Associated Students</subfield><subfield code="v">Periodicals.</subfield></datafield><datafield ind1=" " ind2="0" tag="651"><subfield code="a">Seattle (Wash.)</subfield><subfield code="v">Newspapers.</subfield></datafield><datafield ind1=" " ind2="7" tag="655"><subfield code="a">Newspapers.</subfield><subfield code="2">fast</subfield><subfield code="0">(OCoLC)fst01423814</subfield></datafield><datafield ind1=" " ind2="7" tag="655"><subfield code="a">Periodicals.</subfield><subfield code="2">fast</subfield><subfield code="0">(OCoLC)fst01411641</subfield></datafield><datafield ind1="2" ind2="7" tag="610"><subfield code="a">University of Washington.</subfield><subfield code="2">fast</subfield><subfield code="0">(OCoLC)fst00532763</subfield></datafield><datafield ind1="2" ind2="7" tag="610"><subfield code="a">University of Washington.</subfield><subfield code="b">Associated Students.</subfield><subfield code="2">fast</subfield><subfield code="0">(OCoLC)fst00573592</subfield></datafield><datafield ind1=" " ind2="7" tag="651"><subfield code="a">Washington (State)</subfield><subfield code="z">Seattle.</subfield><subfield code="2">fast</subfield><subfield code="0">(OCoLC)fst01204940</subfield></datafield><datafield ind1="2" ind2=" " tag="710"><subfield code="a">University of Washington.</subfield><subfield code="b">Associated Students,</subfield><subfield code="e">issuing body.</subfield></datafield><datafield ind1=" " ind2=" " tag="752"><subfield code="a">United States</subfield><subfield code="b">Washington</subfield><subfield code="c">King</subfield><subfield code="d">Seattle.</subfield></datafield><datafield ind1="1" ind2=" " tag="776"><subfield code="c">Microfilm</subfield><subfield code="d">University of Washington Library</subfield><subfield code="w">(DLC)  2015252462</subfield><subfield code="w">(OCoLC)42340688</subfield></datafield><datafield ind1="0" ind2="0" tag="780"><subfield code="t">University journal</subfield><subfield code="w">(OCoLC)50474133</subfield></datafield><datafield ind1="0" ind2="0" tag="785"><subfield code="t">University of Washington daily (summer session issue)</subfield><subfield code="w">(DLC)  2015252457</subfield><subfield code="w">(OCoLC)908160994</subfield></datafield></record>